%% This BibTeX bibliography file was created using BibDesk.
%% http://bibdesk.sourceforge.net/


%% Created for Tirhakah at 2013-11-05 01:51:16 +0000 


%% Saved with string encoding Unicode (UTF-8) 



@article{greenwald2009roxybot,
	Author = {Greenwald, Amy and Lee, Seong Jae and Naroditskiy, Victor},
	Date-Added = {2013-11-04 13:03:24 +0000},
	Date-Modified = {2013-11-05 01:51:16 +0000},
	Journal = {Journal of Artificial Intelligence Research},
	Number = {1},
	Pages = {513--546},
	Title = {Roxybot-06: Stochastic prediction and optimization in {TAC} travel},
	Volume = {36},
	Year = {2009}}

@inproceedings{wellman2003price,
	Annote = {Suggests "The results show that taking into account game-specific information about flight prices is a major distinguishing factor."},
	Author = {Wellman, Michael P and Reeves, Daniel M and Lochner, Kevin M},
	Booktitle = {Proceedings of the 4th ACM conference on Electronic commerce},
	Date-Added = {2013-11-04 12:57:31 +0000},
	Date-Modified = {2013-11-04 12:58:01 +0000},
	Organization = {ACM},
	Pages = {216--217},
	Title = {Price prediction in a trading agent competition [Extended Abstract]},
	Year = {2003}}
